@mastersthesis{张可心2009超高压传输线电磁环境特性研究,
  title={超高压传输线电磁环境特性研究},
  author={张可心},
  year={2009},
  school={哈尔滨工业大学}
}

@online{CN,
  author = {},
  title = {https://www.cnblogs.com/longingforlife/p/3336840.html},
  year = {},
  url = {},
  urldate = {}
}